<record><leader>00000cas a22000007a 4500</leader><controlfield tag="001">21586259</controlfield><controlfield tag="008">900524d18821886moudn ne      0    0eng d</controlfield><datafield ind1=" " ind2=" " tag="010"><subfield code="a">sn 90061643 </subfield></datafield><datafield ind1=" " ind2=" " tag="040"><subfield code="a">MQN</subfield><subfield code="b">eng</subfield><subfield code="c">MQN</subfield><subfield code="d">OCLCQ</subfield></datafield><datafield ind1=" " ind2=" " tag="042"><subfield code="a">msc</subfield></datafield><datafield ind1="0" ind2=" " tag="130"><subfield code="a">Springfield leader (Springfield, Mo. : 1882)</subfield></datafield><datafield ind1="1" ind2="4" tag="245"><subfield code="a">The Springfield leader.</subfield></datafield><datafield ind1=" " ind2=" " tag="260"><subfield code="a">Springfield, Mo. :</subfield><subfield code="b">[s.n.]</subfield></datafield><datafield ind1=" " ind2=" " tag="300"><subfield code="a">v.</subfield></datafield><datafield ind1=" " ind2=" " tag="310"><subfield code="a">Daily (except Sun.)</subfield></datafield><datafield ind1="0" ind2=" " tag="362"><subfield code="a">-v. 5, no. 141 (Aug. 28, 1886).</subfield></datafield><datafield ind1=" " ind2=" " tag="588"><subfield code="a">Description based on: Vol. 1, no. 277 (May 5, 1883).</subfield></datafield><datafield ind1=" " ind2="4" tag="651"><subfield code="a">Springfield (Mo.)</subfield><subfield code="v">Newspapers.</subfield></datafield><datafield ind1=" " ind2=" " tag="752"><subfield code="a">United States</subfield><subfield code="b">Missouri</subfield><subfield code="c">Greene</subfield><subfield code="d">Springfield.</subfield></datafield><datafield ind1="0" ind2=" " tag="775"><subfield code="t">Springfield leader (Springfield, Mo. : 1867)</subfield><subfield code="w">(DLC)sn 85034120</subfield></datafield><datafield ind1="0" ind2="0" tag="780"><subfield code="t">Daily Springfield leader</subfield><subfield code="w">(DLC)sn 90061642</subfield></datafield><datafield ind1="0" ind2="0" tag="785"><subfield code="t">Springfield daily leader</subfield><subfield code="w">(DLC)sn 90061644</subfield></datafield><datafield ind1="1" ind2=" " tag="029"><subfield code="a">AU@</subfield><subfield code="b">000025853435</subfield></datafield></record>